@article{CMS-discovery,
  title         = "Observation of a new boson at a mass of 125 GeV with the \{CMS\} experiment at the \{LHC\} ",
  journal       = plb,
  volume        = "716",
  number        = "1",
  pages         = "30 - 61",
  year          = "2012",
  doi           = "10.1016/j.physletb.2012.08.021",
  collaboration = "CMS Collaboration",
  eprint        = "1207.7235",
  archivePrefix = "arXiv",
  primaryClass  = "hep-ex",
}

@article{ATLAS-discovery,
  title         = "{Observation of a new particle in the search for the Standard Model Higgs boson with the ATLAS detector at the LHC}",
  journal       = plb,
  volume        = "716",
  number        = "1",
  pages         = "1 - 29",
  year          = "2012",
  doi           = "10.1016/j.physletb.2012.08.020",
  collaboration = "ATLAS Collaboration",
  eprint        = "1207.7214",
  archivePrefix = "arXiv",
  primaryClass  = "hep-ex",
}

@article{WW-1ifb,
  title         = "{Measurement of $W^+W^-$ production in $pp$ collisions at $\sqrt{s} = 7$~TeV with the ATLAS detector and limits on anomalous $WWZ$ and $WW\gamma$ couplings}",
  collaboration = {ATLAS Collaboration},
  journal       = prd,
  volume        = {87},
  issue         = {11},
  pages         = {112001},
  numpages      = {29},
  year          = {2013},
  month         = {Jun},
  publisher     = {American Physical Society},
  doi           = {10.1103/PhysRevD.87.112001},
}

@article{WW-7TeV,
  title         = "{Measurement of the $WW$ cross section in $pp$ collisions with the ATLAS detector and limits on anomalous gauge couplings}",
  collaboration = "ATLAS Collaboration",
  journal       = plb,
  volume        = "712",
  number        = "4–5",
  pages         = "289 - 308",
  year          = "2012",
  note          = "",
  issn          = "0370-2693",
  doi           = "10.1016/j.physletb.2012.05.003",
}

@techreport{WW-HCP,
  title         = "{Measurement of the combined $WW$ and $WZ$ production cross section in the semileptonic final state in proton-proton collisions at $\sqrt{s} = 7$~TeV with the ATLAS detector}",
  institution   = "CERN",
  collaboration = "ATLAS Collaboration",
  address       = "Geneva",
  number        = "ATLAS-CONF-2012-157",
  month         = "Nov",
  year          = "2012",
  cds           = "1493586",
}

@article{HWW-7TeV,
  title         = "{Search for the Standard Model Higgs boson in the $H \to WW^{(\ast)} \to \ell\nu\ell\nu$ decay mode with 4.7~fb$^{-1}$ of ATLAS data at $\sqrt{s} = 7$~TeV}",
  journal       = plb,
  volume        = "716",
  number        = "1",
  pages         = "62 - 81",
  year          = "2012",
  note          = "",
  issn          = "0370-2693",
  doi           = "10.1016/j.physletb.2012.08.010",
  collaboration = "ATLAS Collaboration",
}

@techreport{HWW-HCP,
  title         = "{Update of the $H\to WW^{(\ast)}\to e\nu\mu\nu}$ Analysis with 13~fb$^{-1}$ of $\sqrt{s} = 8$~TeV Data Collected with the ATLAS Detector}",
  institution   = "CERN",
  collaboration = "ATLAS Collaboration",
  address       = "Geneva",
  number        = "ATLAS-CONF-2012-158",
  month         = "Nov",
  year          = "2012",
  cds           = "1493601",
}

@techreport{HWW-Moriond,
  title         = "{Measurements of the properties of the Higgs-like boson in the $WW^{(\ast)} \to \ell \nu \ell \nu$ decay channel with the ATLAS detector using 25~fb$^{-1}$ of proton-proton collision data}",
  institution   = "CERN",
  collaboration = "ATLAS Collaboration",
  address       = "Geneva",
  number        = "ATLAS-CONF-2013-030",
  month         = "Mar",
  year          = "2013",
  cds           = "1527126",
}

@techreport{Grunewald:2010,
  editor        = "Grunewald, M W",
  title         = "{Precision Electroweak Measurements and Constraints on the Standard Model}",
  collaboration = "ALEPH, CDF, D0, DELPHI, L3, OPAL, SLD Collaborations, LEP Electroweak Working Group, Tevatron Electroweak Working Group, SLD electroweak and heavy flavour groups",
  number        = "CERN-PH-EP-2010-095",
  month         = "Dec",
  year          = "2010",
  eprint        = "1012.2367",
  archivePrefix = "arXiv",
  primaryClass  = "hep-ex",
  cds           = "1313716",
}

@article{LEP:2003,
  title         = "{Search for the Standard Model Higgs boson at LEP}",
  collaboration = "ALEPH, DELPHI, L3, OPAL Collaborations, LEP Working Group for Higgs boson searches",
  journal       = plb,
  volume        = "565",
  number        = "0",
  pages         = "61 - 75",
  year          = "2003",
  doi           = "10.1016/S0370-2693(03)00614-2",
}

@techreport{Tevatron:2010,
  title          = "{Combined CDF and D0 Upper Limits on Standard Model
                    Higgs-Boson Production with up to 6.7 fb$^{-1}$ of Data}",
  collaboration  = "CDF, D0 Collaborations, Tevatron New-Phenomena and Higgs Working Group",
  year           = "2010",
  eprint         = "1007.4587",
  archivePrefix  = "arXiv",
  primaryClass   = "hep-ex",
  number         = "FERMILAB-CONF-10-257-E",
  cds            = "1281406",
}

@article{CDF:2012,
  title         = "{Combined Search for the Standard Model Higgs Boson Decaying to a $b\={b}$ Pair Using the Full CDF Data Set}",
  collaboration = {CDF Collaboration},
  journal       = prl,
  volume        = {109},
  issue         = {11},
  pages         = {111802},
  year          = {2012},
  month         = {Sep},
  doi           = {10.1103/PhysRevLett.109.111802},
  eprint        = "1207.1707",
  archivePrefix = "arXiv",
  primaryClass  = "hep-ex",
}

@article{D0:2012,
  title         = {Combined Search for the Standard Model Higgs Boson Decaying to $b\={b}$ Using the D0 Run II Data Set},
  collaboration = {D0 Collaboration},
  journal       = prl,
  volume        = {109},
  issue         = {12},
  pages         = {121802},
  year          = {2012},
  month         = {Sep},
  doi           = {10.1103/PhysRevLett.109.121802},
  eprint        = "1207.6631",
  archivePrefix = "arXiv",
  primaryClass  = "hep-ex",
}

@article{Tevatron:2012,
  title         = "{Evidence for a Particle Produced in Association with Weak Bosons and Decaying to a Bottom-Antibottom Quark Pair in Higgs Boson Searches at the Tevatron}",
  collaboration = {CDF, D0 Collaborations},
  journal       = prl,
  volume        = {109},
  issue         = {7},
  pages         = {071804},
  year          = {2012},
  month         = {Aug},
  doi           = {10.1103/PhysRevLett.109.071804},
  eprint        = "1207.6436",
  archivePrefix = "arXiv",
  primaryClass  = "hep-ex",
}

@article{PDG,
  title         = "{Review of Particle Physics}",
  collaboration = {Particle Data Group},
  journal       = prd,
  volume        = {86},
  issue         = {1},
  pages         = {010001},
  numpages      = {1528},
  year          = {2012},
  month         = {Jul},
  doi           = {10.1103/PhysRevD.86.010001},
  publisher     = {American Physical Society},
  note          = {and 2013 partial update for the 2014 edition}
}

@article{VersatileLinkConnectors,
  author        = {D C Hall and P Hamilton and B T Huffman and P K Teng and A R Weidberg},
  title         = {The radiation tolerance of MTP and LC optical fibre connectors to 500 kGy(Si) of gamma radiation},
  journal       = {JINST},
  volume        = {7},
  number        = {04},
  pages         = {P04014},
  doi           = "10.1088/1748-0221/7/04/P04014",
  year          = {2012}
}

@article{VersatileLinkFibres,
  author        = {D Hall and B Todd Huffman and A Weidberg},
  title         = "{The radiation induced attenuation of optical fibres below −20°C exposed to lifetime HL-LHC doses at a dose rate of 700 Gy(Si)/hr}",
  journal       = {JINST},
  volume        = {7},
  number        = {01},
  pages         = {C01047},
  doi           = "10.1088/1748-0221/7/01/C01047",
  year          = {2012}
}

@article{VersatileLink,
  author        = {F Vasey and D Hall and T Huffman and S Kwan and A Prosser and C Soos and J Troska and T Weidberg and A Xiang and J Ye},
  title         = {The Versatile Link common project: feasibility report},
  journal       = {JINST},
  volume        = {7},
  number        = {01},
  pages         = {C01075},
  doi           = "10.1088/1748-0221/7/01/C01075",
  year          = {2012}
}

