@article{MCatNLO-Herwig,
	author         = {Stefano Frixione and Bryan R. Webber},
	title          = "{Matching NLO QCD computations and parton shower simulations}",
	journal        = {JHEP},
	volume         = {0206},
	pages          = {029},
	doi            = {10.1088/1126-6708/2002/06/029},
	year           = {2002},
	eprint         = "hep-ph/0204244",
	archivePrefix  = "arXiv",
}

@article{MCatNLO-Herwig++,
	author         = {Stefano Frixione and Fabian Stoeckli and Paolo Torrielli and Bryan R. Webber},
	title          = "{NLO QCD corrections in Herwig++ with MC@NLO}",
	journal        = {JHEP},
	volume         = {1101},
	pages          = {053},
	doi            = {10.1007/JHEP01(2011)053},
	year           = {2011},
	eprint         = "1010.0568",
	archivePrefix  = "arXiv",
	primaryClass   = "hep-ph",
}

@article{Powheg-method,
	author         = "Nason, Paolo",
	title          = "{A New method for combining NLO QCD with shower Monte Carlo algorithms}",
	journal        = "JHEP",
	volume         = "0411",
	pages          = "040",
	doi            = "10.1088/1126-6708/2004/11/040",
	year           = "2004",
	eprint         = "hep-ph/0409146",
	archivePrefix  = "arXiv",
}

@article{Powheg-method2,
	author         = "Frixione, Stefano and Nason, Paolo and Oleari, Carlo",
	title          = "{Matching NLO QCD computations with Parton Shower simulations: the POWHEG method}",
	journal        = "JHEP",
	volume         = "0711",
	pages          = "070",
	doi            = "10.1088/1126-6708/2007/11/070",
	year           = "2007",
	eprint         = "0709.2092",
	archivePrefix  = "arXiv",
	primaryClass   = "hep-ph",
}

@article{PowhegBox,
	author         = "Alioli, Simone and Nason, Paolo and Oleari, Carlo and Re, Emanuele",
	title          = "{A general framework for implementing NLO calculations in shower Monte Carlo programs: the POWHEG BOX}",
	journal        = "JHEP",
	volume         = "1006",
	pages          = "043",
	doi            = "10.1007/JHEP06(2010)043",
	year           = "2010",
	eprint         = "1002.2581",
	archivePrefix  = "arXiv",
	primaryClass   = "hep-ph",
}

@article{Powheg-diboson,
	year           = {2011},
	journal        = {JHEP},
	volume         = {1111},
	doi            = {10.1007/JHEP11(2011)078},
	title          = "{$W^+W^−$, $WZ$ and $ZZ$ production in the POWHEG BOX}",
	author         = {Melia, Tom and Nason, Paolo and Röntsch, Raoul and Zanderighi, Giulia}, 
 	pages          = {078},
	eprint         = "1107.5051",
	archivePrefix  = "arXiv",
	primaryClass   = "hep-ph",
}

@article{Powheg-ggF-quarkmasses,
	year           = {2012},
	journal        = {JHEP},
	volume         = {1202},
	doi            = {10.1007/JHEP02(2012)088},
	title          = "{Higgs production via gluon fusion in the POWHEG approach in the SM and in the MSSM}",
	author         = {Bagnaschi, E. and Degrassi, G. and Slavich, P. and Vicini, A.},
	pages          = {088},
	eprint         = "1111.2854",
	archivePrefix  = "arXiv",
	primaryClass   = "hep-ph",
}

@article{FastJet,
	author         = "Cacciari, Matteo and Salam, Gavin P. and Soyez, Gregory",
	title          = "{FastJet User Manual}",
	journal        = "Eur. Phys. J. C",
	volume         = "72",
	pages          = "1896",
	doi            = "10.1140/epjc/s10052-012-1896-2",
	year           = "2012",
	eprint         = "1111.6097",
	archivePrefix  = "arXiv",
	primaryClass   = "hep-ph",
}

@article{fHerwig,
	author         = {Gennaro Corcella and Ian G. Knowles and Giuseppe Marchesini and Stefano Moretti and Kosuke Odagiri and Peter Richardson and Michael H. Seymour and Bryan R. Webber},
	title          = "{HERWIG 6: an event generator for hadron emission reactions with interfering gluons (including supersymmetric processes)}",
	journal        = {JHEP},
	volume         = {0101},
	pages          = {010},
	doi            = {10.1088/1126-6708/2001/01/010},
	year           = {2001},
	eprint         = "hep-ph/0210213",
	archivePrefix  = "arXiv",
}

@article{Herwig++,
	year           = {2008},
	journal        = {Eur. Phys. J. C},
	volume         = {58},
	number         = {4},
	doi            = {10.1140/epjc/s10052-008-0798-9},
	title          = {Herwig++ physics and manual},
	author         = {Bähr, Manuel and Gieseke, Stefan and Gigg, Martyn A. and Grellscheid, David and Hamilton, Keith and Latunde-Dada, Oluseyi and Plätzer, Simon and Richardson, Peter and Seymour, Michael H. and Sherstnev, Alexander and Webber, Bryan R.},
	pages          = {639-707},
	eprint         = "0803.0883",
	archivePrefix  = "arXiv",
	primaryClass   = "hep-ph",
}

@article{Pythia6,
	author         = {Torbjörn Sjöstrand and Stephen Mrenna and Peter Skands},
	title          = "{PYTHIA 6.4 physics and manual}",
	journal        = {JHEP},
	volume         = {0605},
	pages          = {026},
	year           = {2006},
	doi            = "10.1088/1126-6708/2006/05/026",
	eprint         = "hep-ph/0603175",
	archivePrefix  = "arXiv",
}

@article{Pythia8,
	title          = "{A brief introduction to PYTHIA 8.1}",
	journal        = "Comput. Phys. Commun.",
	volume         = "178",
	number         = "11",
	pages          = "852 - 867",
	year           = "2008",
	doi            = "10.1016/j.cpc.2008.01.036",
	author         = "Torbjörn Sjöstrand and Stephen Mrenna and Peter Skands",
	eprint         = "0710.3820",
	archivePrefix  = "arXiv",
	primaryClass   = "hep-ph",
}

@article{Sherpa,
	author         = "Gleisberg, T. and Hoeche, Stefan. and Krauss, F. and Schonherr, M. and Schumann, S. and others",
	title          = "{Event generation with SHERPA 1.1}",
	journal        = "JHEP",
	volume         = "0902",
	pages          = "007",
	doi            = "10.1088/1126-6708/2009/02/007",
	year           = "2009",
	eprint         = "0811.4622",
	archivePrefix  = "arXiv",
	primaryClass   = "hep-ph",
}

