@article{Stewart-Tackmann:2012,
	author        = {Stewart, Iain W. and Tackmann, Frank J.},
	doi           = {10.1103/PhysRevD.85.034011},
	issn          = {1550-7998},
	journal       = prd,
	month         = feb,
	number        = {3},
	pages         = {034011},
	publisher     = {American Physical Society},
	shorttitle    = {Phys. Rev. D},
	title         = {{Theory uncertainties for Higgs mass and other searches using jet bins}},
	volume        = {85},
	year          = {2012}
}

@article{YR1,
	collaboration = "{LHC Higgs Cross Section Working Group}",
	author        = "Dittmaier, S. and Mariotti, C. and Passarino, G. and Tanaka (Eds.), R.",
	title         = "{Handbook of LHC Higgs Cross Sections: 1. Inclusive Observables}",
	journal       = "CERN-2011-002",
	year          = "2011",
	publisher     = "CERN, Geneva",
	eprint        = "1101.0593",
	archivePrefix = "arXiv",
	primaryClass  = "hep-ph",
	doi           = "10.5170/CERN-2011-002",
}

@article{YR2,
	collaboration = "{LHC Higgs Cross Section Working Group}",
	author        = "Dittmaier, S. and Mariotti, C. and Passarino, G. and Tanaka (Eds.), R.",
	title         = "{Handbook of LHC Higgs Cross Sections: 2. Differential Distributions}",
	journal       = "CERN-2012-002",
	year          = "2012",
	publisher     = "CERN, Geneva",
	eprint        = "1201.3084",
	archivePrefix = "arXiv",
	primaryClass  = "hep-ph",
	doi           = "10.5170/CERN-2012-002",
}

@article{YR3,
	collaboration = "{LHC Higgs Cross Section Working Group}",
	author        = "Heinemeyer, S. and Mariotti, C. and Passarino, G. and Tanaka (Eds.), R.", 
	title         = "{Handbook of LHC Higgs Cross Sections: 3. Higgs Properties}",
	journal       = "CERN-2013-004",
	year          = "2013",
	publisher     = "CERN, Geneva",
	eprint        = "1307.1347",
	archivePrefix = "arXiv",
	primaryClass  = "hep-ph",
	doi           = "10.5170/CERN-2013-004",
}

@article{MCnet:general,
	title         = "General-purpose event generators for \{LHC\} physics ",
	journal       = physrep,
	volume        = "504",
	number        = "5",
	pages         = "145 - 233",
	year          = "2011",
	doi           = "10.1016/j.physrep.2011.03.005",
	author        = "Andy Buckley and Jonathan Butterworth and Stefan Gieseke and David Grellscheid and Stefan Höche and Hendrik Hoeth and Frank Krauss and Leif Lönnblad and Emily Nurse and Peter Richardson and Steffen Schumann and Michael H. Seymour and Torbjörn Sjöstrand and Peter Skands and Bryan Webber",
	eprint        = "1101.2599",
	archivePrefix = "arXiv",
	primaryClass  = "hep-ph",
}

@inproceedings{MCnet:MatchingLectures,
	author        = "Stefan Höche",
	title         = "{Matching to Matrix Elements}",
	booktitle     = "{MCnet-LPCC Summer School on Monte Carlo Event Generators for LHC}",
	publisher     = "CERN, Geneva",
	year          = "2012",
	month         = "July",
}
