@article{Stewart-Tackmann:2012,
author = {Stewart, Iain W. and Tackmann, Frank J.},
doi = {10.1103/PhysRevD.85.034011},
file = {:Users/David/Documents/Mendeley Desktop/2012/Physical Review D/Stewart, Tackmann - Theory uncertainties for Higgs mass and other searches using jet bins.pdf:pdf},
issn = {1550-7998},
journal = {Physical Review D},
mendeley-groups = {DPhil/Higgs},
month = feb,
number = {3},
pages = {034011},
publisher = {American Physical Society},
shorttitle = {Phys. Rev. D},
title = {{Theory uncertainties for Higgs mass and other searches using jet bins}},
url = {http://link.aps.org/doi/10.1103/PhysRevD.85.034011},
volume = {85},
year = {2012}
}
